<?xml version="1.0" encoding="UTF-8"?><collection xmlns="http://www.loc.gov/MARC21/slim"><record><leader>00582nam--2200181-i-4500</leader><controlfield tag="001">000008176</controlfield><controlfield tag="002">20161230</controlfield><controlfield tag="005">20161230201027</controlfield><controlfield tag="008">060222s1000------------r-----000-0-eng-d</controlfield><datafield ind1=" " ind2=" " tag="040"><subfield code="a">IFIN-HH</subfield></datafield><datafield ind1=" " ind2=" " tag="080"><subfield code="a">539.1(038)=003=30=20=20(73):539.1(038)=003=20</subfield></datafield><datafield ind1="1" ind2=" " tag="100"><subfield code="a">Rau, Hans</subfield></datafield><datafield ind1="1" ind2="0" tag="245"><subfield code="a">Dictionary of nuclear physics and nuclear chemistry. german-english-american. english-american-german</subfield><subfield code="c">Hans rau</subfield></datafield><datafield ind1=" " ind2=" " tag="250"><subfield code="a">Second Revised And Enlarged Edition</subfield></datafield><datafield ind1=" " ind2=" " tag="260"><subfield code="a">New York</subfield><subfield code="b">Reinhold Book Division</subfield><subfield code="c">1964</subfield></datafield><datafield ind1=" " ind2=" " tag="300"><subfield code="a">351P</subfield></datafield><datafield ind1=" " ind2=" " tag="852"><subfield code="a">D.413</subfield><subfield code="c">SLC</subfield></datafield><datafield ind1=" " ind2=" " tag="CAT"><subfield code="a">Sys</subfield><subfield code="c">20130301</subfield><subfield code="h">112616</subfield></datafield></record></collection>